@article{buragoADAlexandrovSpaces1992,
  title = {A.{{D}}. {{Alexandrov}} Spaces with Curvature Bounded Below},
  author = {Burago, Yu and Gromov, M and Perel'man, G},
  year = {1992},
  month = apr,
  journal = {Russian Mathematical Surveys},
  volume = {47},
  number = {2},
  pages = {1--58},
  issn = {0036-0279, 1468-4829},
  doi = {10.1070/RM1992v047n02ABEH000877},
  urldate = {2025-04-05},
  langid = {english}
}
@book{alexanderAlexandrovGeometry2024,
  title = {Alexandrov {{Geometry}}},
  author = {Alexander, Stephanie and Kapovitch, Vitali and Petrunin, Anton},
  year = {2024},
  series = {Graduate {{Studies}} in {{Mathematics}}},
  volume = {236},
  publisher = {American Mathematical Society},
  address = {Providence, Rhode Island},
  doi = {10.1090/gsm/236},
  urldate = {2025-04-07},
  isbn = {978-1-4704-7535-2 978-1-4704-7302-0 978-1-4704-7536-9},
  langid = {english}
}
@book{buragoCourseMetricGeometry2001,
  title = {A {{Course}} in {{Metric Geometry}}},
  author = {Burago, Dmitri and Burago, Yuri and Ivanov, Sergei},
  year = {2001},
  month = jun,
  series = {Graduate {{Studies}} in {{Mathematics}}},
  volume = {33},
  publisher = {American Mathematical Society},
  address = {Providence, Rhode Island},
  doi = {10.1090/gsm/033},
  urldate = {2025-04-11},
  isbn = {978-0-8218-2129-9 978-1-4704-1794-9},
  langid = {english}
}
@book{petersenRiemannianGeometry2016,
  title = {Riemannian {{Geometry}}},
  author = {Petersen, Peter},
  year = {2016},
  series = {Graduate {{Texts}} in {{Mathematics}}},
  volume = {171},
  publisher = {Springer International Publishing},
  address = {Cham},
  doi = {10.1007/978-3-319-26654-1},
  urldate = {2025-04-06},
  copyright = {http://www.springer.com/tdm},
  isbn = {978-3-319-26652-7 978-3-319-26654-1}
}
